<?xml version="1.0" encoding="UTF-8"?><collection xmlns="http://www.loc.gov/MARC21/slim"><record><leader>00700nam--2200193-i-4500</leader><controlfield tag="001">000019787</controlfield><controlfield tag="002">20161230</controlfield><controlfield tag="005">20170306235433</controlfield><controlfield tag="008">060222s1000------------r-----000-0-eng-d</controlfield><datafield ind1=" " ind2=" " tag="040"><subfield code="a">IFIN-HH</subfield></datafield><datafield ind1=" " ind2=" " tag="080"><subfield code="a">519.21</subfield></datafield><datafield ind1="1" ind2=" " tag="100"><subfield code="a">Harper, W. L</subfield></datafield><datafield ind1="1" ind2="0" tag="245"><subfield code="a">Foundation of probability theory, statistical inference, and statistical theorie science. II. Foundations and philosophy of statistical inference</subfield><subfield code="c">W.L. Harper ; C.A. Hooker (Editors)</subfield></datafield><datafield ind1=" " ind2=" " tag="260"><subfield code="a">Dordrecht-holland/Boston</subfield><subfield code="b">D.Reidel Publishing Company</subfield><subfield code="c">1973</subfield></datafield><datafield ind1=" " ind2=" " tag="300"><subfield code="a">455 p</subfield></datafield><datafield ind1=" " ind2=" " tag="490"><subfield code="a">The University Of Western Ontario Series In Phylosophy Of Science</subfield></datafield><datafield ind1=" " ind2=" " tag="700"><subfield code="a">Hooker, C. A</subfield></datafield><datafield ind1=" " ind2=" " tag="852"><subfield code="a">46716</subfield><subfield code="c">519.2</subfield></datafield><datafield ind1=" " ind2=" " tag="CAT"><subfield code="a">SYS</subfield><subfield code="c">20170306</subfield><subfield code="h">235433</subfield></datafield></record></collection>